<?xml version="1.0" encoding="UTF-8"?>
<record xmlns="http://www.loc.gov/MARC21/slim">
   <leader>01683cam a2200349 a 4500</leader>
   <controlfield tag="001">542307</controlfield>
   <controlfield tag="003">NjP</controlfield>
   <controlfield tag="005">20190705140924.0</controlfield>
   <controlfield tag="008">890201s1987    ir       b    000 0 ara d</controlfield>
   <datafield tag="024" ind1="7" ind2=" ">
      <subfield code="a">princeton_aco004015</subfield>
      <subfield code="2">local</subfield>
   </datafield>
   <datafield ind1=" " ind2=" " tag="040">
      <subfield code="a">NjP</subfield>
      <subfield code="c">PUL</subfield>
      <subfield code="d">PUL</subfield>
   </datafield>
   <datafield ind1=" " ind2=" " tag="035">
      <subfield code="a">(CStRLIN)NJPG89-B5299</subfield>
   </datafield>
   <datafield ind1=" " ind2=" " tag="035">
      <subfield code="9">ACM8189TS</subfield>
   </datafield>
   <datafield ind1=" " ind2=" " tag="035">
      <subfield code="a">(NjP)542307</subfield>
   </datafield>
   <datafield ind1=" " ind2=" " tag="049">
      <subfield code="a">PULL</subfield>
   </datafield>
   <datafield ind1=" " ind2=" " tag="035">
      <subfield code="a">(OCoLC)ocm26453197</subfield>
   </datafield>
   <datafield ind1="1" ind2=" " tag="100">
      <subfield code="6">880-01</subfield>
      <subfield code="a">Hamadānī, Aḥmad al-Raḥmānī.</subfield>
   </datafield>
   <datafield ind1="1" ind2="3" tag="245">
      <subfield code="6">880-02</subfield>
      <subfield code="a">al-Imām ʻAlī ibn Abī Ṭālib, ʻalayhi al-salām :</subfield>
      <subfield code="b">man ḥubbuhu ʻunwān al-ṣaḥīfah, li-aqalla al-ʻibād, turāb aqdām al-mutamassikīn bi-ḥabl al-wilāʼ al-ʻalawī \</subfield>
      <subfield code="c">Aḥmad al-Raḥmānī al-Hamadānī.</subfield>
   </datafield>
   <datafield ind1=" " ind2=" " tag="250">
      <subfield code="6">880-03</subfield>
      <subfield code="a">Chāp-i 1.</subfield>
   </datafield>
   <datafield ind1=" " ind2=" " tag="260">
      <subfield code="6">880-04</subfield>
      <subfield code="a">Tihrān :</subfield>
      <subfield code="b">Maktabat al-Ṣadūq,</subfield>
      <subfield code="c">1366 [1987]</subfield>
   </datafield>
   <datafield ind1=" " ind2=" " tag="300">
      <subfield code="a">612 p. ;</subfield>
      <subfield code="c">25 cm.</subfield>
   </datafield>
   <datafield ind1=" " ind2=" " tag="504">
      <subfield code="a">Includes bibliographical references.</subfield>
   </datafield>
   <datafield ind1="0" ind2="0" tag="600">
      <subfield code="6">880-05</subfield>
      <subfield code="a">ʻAlī ibn Abī Ṭālib,</subfield>
      <subfield code="c">Caliph,</subfield>
      <subfield code="d">ca. 600-661</subfield>
      <subfield code="x">Hadith.</subfield>
   </datafield>
   <datafield ind1="1" ind2=" " tag="880">
      <subfield code="6">100-01/r</subfield>
      <subfield code="a">همداني، احمد الرحمني.</subfield>
   </datafield>
   <datafield ind1="1" ind2="2" tag="880">
      <subfield code="6">245-02/r</subfield>
      <subfield code="a">الامام علي بن ابي طالب، عليه السلام :</subfield>
      <subfield code="b">من حبه عنوان الصحيفة، لاقل العباد، تراب اقدام المتمسكين بحبل الولاء العلوي \</subfield>
      <subfield code="c">احمد الرحمني الهمداني.</subfield>
   </datafield>
   <datafield ind1=" " ind2=" " tag="880">
      <subfield code="6">250-03/r</subfield>
      <subfield code="a">چاپا 1.</subfield>
   </datafield>
   <datafield ind1=" " ind2=" " tag="880">
      <subfield code="6">260-04/r</subfield>
      <subfield code="a">تهران :</subfield>
      <subfield code="b">مكتبة الصدوق،</subfield>
      <subfield code="c">1366 [1987]</subfield>
   </datafield>
   <datafield ind1="0" ind2="0" tag="880">
      <subfield code="6">600-05/r</subfield>
      <subfield code="a">علي بن ابي طالب،</subfield>
      <subfield code="c">Caliph,</subfield>
      <subfield code="d">ca. 600-661</subfield>
      <subfield code="x">Hadith.</subfield>
   </datafield>
   <datafield ind1=" " ind2=" " tag="998">
      <subfield code="a">07/29/92</subfield>
      <subfield code="s">9118</subfield>
      <subfield code="n">NjP</subfield>
      <subfield code="w">NJPG89B5299</subfield>
      <subfield code="d">02/01/89</subfield>
      <subfield code="c">JEB</subfield>
      <subfield code="b">JEB</subfield>
      <subfield code="i">920729</subfield>
      <subfield code="l">NJPG</subfield>
   </datafield>
   <datafield ind1=" " ind2=" " tag="911">
      <subfield code="a">19921028</subfield>
   </datafield>
   <datafield ind1=" " ind2=" " tag="912">
      <subfield code="a">19920729000000.0</subfield>
   </datafield>
   <datafield ind1=" " ind2=" " tag="994">
      <subfield code="a">C0</subfield>
      <subfield code="b">PUL</subfield>
   </datafield>
   <datafield ind1=" " ind2=" " tag="999">
      <subfield code="a">542307</subfield>
   </datafield>
   <datafield ind1=" " ind2=" " tag="979">
      <subfield code="a">(OCoLC)ocn176049824</subfield>
   </datafield>
   <datafield ind1="0" ind2="0" tag="852">
      <subfield code="0">591194</subfield>
      <subfield code="b">rcppa</subfield>
      <subfield code="t">1</subfield>
      <subfield code="h">BP193.1.A2</subfield>
      <subfield code="i">H352 1987</subfield>
      <subfield code="x">tr fr arab</subfield>
   </datafield>
   <datafield ind1=" " ind2=" " tag="959">
      <subfield code="a">2000-06-13 00:00:00 -0400</subfield>
   </datafield>
</record>
